<?xml version="1.0" encoding="UTF-8"?><record xmlns="http://www.loc.gov/MARC21/slim" xmlns:cinclude="http://apache.org/cocoon/include/1.0" xmlns:zs="http://www.loc.gov/zing/srw/">
  <leader>00467nz  a2200133n  4500</leader>
  <controlfield tag="001">n 2009013152</controlfield>
  <controlfield tag="003">DLC</controlfield>
  <controlfield tag="005">20090304081239.0</controlfield>
  <controlfield tag="008">090303n| acannaabn          |a aaa      </controlfield>
  <datafield tag="010" ind1=" " ind2=" ">
    <subfield code="a">n 2009013152</subfield>
  </datafield>
  <datafield tag="040" ind1=" " ind2=" ">
    <subfield code="a">DLC</subfield>
    <subfield code="b">eng</subfield>
    <subfield code="c">DLC</subfield>
  </datafield>
  <datafield tag="100" ind1="1" ind2=" ">
    <subfield code="a">Surkova, I. I︠U︡</subfield>
    <subfield code="q">(Irina I︠U︡rʹevna)</subfield>
  </datafield>
  <datafield tag="400" ind1="1" ind2=" ">
    <subfield code="a">Surkova, Irina I︠U︡rʹevna</subfield>
  </datafield>
  <datafield tag="670" ind1=" " ind2=" ">
    <subfield code="a">Surkova, I. I︠U︡. Sot︠s︡ialʹnai︠a︡ politika v armii, 2006:</subfield>
    <subfield code="b">t.p. (I. I︠U︡. Surkova) colophon (Irina I︠U︡rʹevna)</subfield>
  </datafield>
</record>